@inbook{Choudhary,
author = {Choudhary, Saumya and Boyd, R.W.},
year = {2016},
month = {05},
pages = {31-76},
title = {Tutorial on nonlinear optics},
doi = {10.3254/978-1-61499-647-7-31}
}