 @book{New, place={Cambridge}, title={Introduction to nonlinear optics}, publisher={Cambridge University Press}, author={New, Geoffrey}, year={2014}}

@BOOK{Rottwitt,
  title     = "Nonlinear optics",
  author    = "Rottwitt, Karsten and Tidemand-Lichtenberg, Peter",
  publisher = "CRC Press",
  series    = "Optical Sciences and Applications of Light",
  month     =  dec,
  year      =  2014,
  address   = "Boca Raton, FL"
}

@misc{Felice,
  doi = {10.48550/ARXIV.1612.00358},
  
  url = {https://arxiv.org/abs/1612.00358},
  
  author = {Felice, Domenico},
  
  keywords = {Mathematical Physics (math-ph), FOS: Physical sciences, FOS: Physical sciences},
  
  title = {A Study of a Nonlinear Schr√∂dinger Equation for Optical Fibers},
  
  publisher = {arXiv},
  
  year = {2016},
  
  copyright = {arXiv.org perpetual, non-exclusive license}
}

 @article{Yamamoto, title={Silica-Based Highly Nonlinear Fibers and Their Application}, url={global-sei.com}, number={Number 83}, journal={SEI TECHNICAL REVI}, author={Yamamoto, Yoshinori and Tamura, Yoshiaki and Hasegawa, Takemi}, year={2016}, month={Oct}} 
 @book{new_2014, place={Cambridge}, title={Introduction to nonlinear optics}, publisher={Cambridge University Press}, author={New, Geoffrey}, year={2014}} 
