@incollection{AgrawalAppendixD,
title = {Appendix D - Numerical code for the NLS equation},
editor = {Govind P. Agrawal},
booktitle = {Nonlinear Fiber Optics (Sixth Edition)},
publisher = {Academic Press},
edition = {Sixth Edition},
pages = {693-694},
year = {2019},
isbn = {978-0-12-817042-7},
doi = {https://doi.org/10.1016/B978-0-12-817042-7.00025-7},
url = {https://www.sciencedirect.com/science/article/pii/B9780128170427000257}
}
@incollection{AgrawalChap3,
title = {Chapter 3 - Group-velocity dispersion},
editor = {Govind P. Agrawal},
booktitle = {Nonlinear Fiber Optics (Sixth Edition)},
publisher = {Academic Press},
edition = {Sixth Edition},
pages = {57-84},
year = {2019},
isbn = {978-0-12-817042-7},
doi = {https://doi.org/10.1016/B978-0-12-817042-7.00010-5},
url = {https://www.sciencedirect.com/science/article/pii/B9780128170427000105},
author = {Govind P. Agrawal},
keywords = {Optical fiber, Group-velocity dispersion, Nonlinear length, Dispersion length, Frequency chirp, Dispersion-induced pulse broadening, Third-order dispersion, Optical communication systems}
}
@incollection{AgrawalChap4,
title = {Chapter 4 - Self-phase modulation},
editor = {Govind P. Agrawal},
booktitle = {Nonlinear Fiber Optics (Sixth Edition)},
publisher = {Academic Press},
edition = {Sixth Edition},
pages = {85-125},
year = {2019},
isbn = {978-0-12-817042-7},
doi = {https://doi.org/10.1016/B978-0-12-817042-7.00011-7},
url = {https://www.sciencedirect.com/science/article/pii/B9780128170427000117},
author = {Govind P. Agrawal},
keywords = {Optical fiber, Nonlinear optical medium, Self-phase modulation, Spectral broadening, Frequency chirp, Moment method, Variational technique, Self-steepening, Higher-order nonlinear effects}
}
@incollection{AgrawalChap5,
title = {Chapter 5 - Optical solitons},
editor = {Govind P. Agrawal},
booktitle = {Nonlinear Fiber Optics (Sixth Edition)},
publisher = {Academic Press},
edition = {Sixth Edition},
pages = {127-187},
year = {2019},
isbn = {978-0-12-817042-7},
doi = {https://doi.org/10.1016/B978-0-12-817042-7.00012-9},
url = {https://www.sciencedirect.com/science/article/pii/B9780128170427000129},
author = {Govind P. Agrawal},
keywords = {Optical fiber, Nonlinear optical medium, Group-velocity dispersion, Self-phase modulation, Modulation instability, Inverse-scattering method, Optical soliton, Higher-order soliton, Self-steepening, Intrapulse Raman scattering}
}
@incollection{AgrawalChap1,
title = {Chapter 1 - Introduction},
editor = {Govind P. Agrawal},
booktitle = {Nonlinear Fiber Optics (Sixth Edition)},
publisher = {Academic Press},
edition = {Sixth Edition},
pages = {1-25},
year = {2019},
isbn = {978-0-12-817042-7},
doi = {https://doi.org/10.1016/B978-0-12-817042-7.00008-7},
url = {https://www.sciencedirect.com/science/article/pii/B9780128170427000087},
author = {Govind P. Agrawal},
keywords = {Optical fiber, Chromatic dispersion, Birefringence, Self-phase modulation, Cross-phase modulation, Four-wave mixing, Stimulated Raman scattering, Stimulated Brillouin scattering}
}
@incollection{AgrawalChap2,
title = {Chapter 2 - Pulse propagation in fibers},
editor = {Govind P. Agrawal},
booktitle = {Nonlinear Fiber Optics (Sixth Edition)},
publisher = {Academic Press},
edition = {Sixth Edition},
pages = {27-55},
year = {2019},
isbn = {978-0-12-817042-7},
doi = {https://doi.org/10.1016/B978-0-12-817042-7.00009-9},
url = {https://www.sciencedirect.com/science/article/pii/B9780128170427000099},
author = {Govind P. Agrawal},
keywords = {Optical fiber, Fiber modes, Dispersive nonlinear medium, Maxwell's equation, Dielectric constant, Nonlinear polarization, Pulse propagation, Slowly varying envelope approximation, Split-step Fourier method}
}